

@article{gelman,
	title = {Why High-Order Polynomials Should Not Be
Used in Regression Discontinuity Designs},
	journal = {Journal of Business and Economic Statistics},
	author = {Andrew Gelman and Guido Imbens},
	year = {2019}
}




@article{cattaneo,
	title = {A Practical Introduction to Regression
Discontinuity Designs: Foundations},
	journal = {Cambridge Elements: Quantitative and Computational Methods for Social Science},
	author = {Matias Cattaneo and Nicolas Idrobo and Rocio Titiunik},
	year = {2020}
}



@article{kolesar,
	title = {Inference in Regression Discontinuity Designs with a Discrete Running Variable},
	journal = {American Economic Review},
	author = {Michal Koles√°r and Christoph Rothe},
	year = {2018},
	volume={108},
	number={8}
}